@article{weijers2010high,
  title={High field magnets with HTS conductors},
  author={Weijers, HW and Trociewitz, UP and Markiewicz, WD and Jiang, J and Myers, D and Hellstrom, EE and Xu, A and Jaroszynski, J and Noyes, P and Viouchkov, Y and others},
  journal={IEEE transactions on applied superconductivity},
  volume={20},
  number={3},
  pages={576--582},
  year={2010},
  publisher={IEEE}
}

@article{iwasa2010high,
  title={High-temperature superconducting magnets for NMR and MRI: R\&D activities at the MIT francis bitter magnet laboratory},
  author={Iwasa, Yukikazu and Bascunan, Juan and Hahn, Seungyong and Tomita, Masaru and Yao, Weijun},
  journal={IEEE Transactions on Applied Superconductivity},
  volume={20},
  number={3},
  pages={718--721},
  year={2010},
  publisher={IEEE}
}

@article{paschen2004hall,
  title={Hall-effect evolution across a heavy-fermion quantum critical point},
  author={Paschen, Silke and L{\"u}hmann, Thomas and Wirth, Steffen and Gegenwart, Philipp and Trovarelli, Octavio and Geibel, Christoph and Steglich, Frank and Coleman, Piers and Si, Qimiao},
  journal={Nature},
  volume={432},
  number={7019},
  pages={881--885},
  year={2004},
  publisher={Nature Publishing Group}
}

@book{clarke2004squid,
  title={The SQUID handbook},
  author={Clarke, John and Braginski, Alex I},
  volume={1},
  year={2004},
  publisher={Wiley Online Library}
}

@article{ladd2010quantum,
  title={Quantum computers},
  author={Ladd, Thaddeus D and Jelezko, Fedor and Laflamme, Raymond and Nakamura, Yasunobu and Monroe, Christopher and O’Brien, Jeremy Lloyd},
  journal={nature},
  volume={464},
  number={7285},
  pages={45--53},
  year={2010},
  publisher={Nature Publishing Group}
}

@Article{marino2022stripes,
	title={{Stripes in the extended $t-t^\prime$ Hubbard model: A Variational Monte  Carlo analysis}},
	author={Vito Marino and Federico Becca and Luca F. Tocchio},
	journal={SciPost Phys.},
	volume={12},
	pages={180},
	year={2022},
	publisher={SciPost},
	doi={10.21468/SciPostPhys.12.6.180},
	url={https://scipost.org/10.21468/SciPostPhys.12.6.180},
}

@article{keimer2015quantum,
  title={From quantum matter to high-temperature superconductivity in copper oxides},
  author={Keimer, Bernhard and Kivelson, Steven A and Norman, Michael R and Uchida, Shinichi and Zaanen, J},
  journal={Nature},
  volume={518},
  number={7538},
  pages={179--186},
  year={2015},
  publisher={Nature Publishing Group}
}

@article{cooper2009anomalous,
  title={{Anomalous criticality in the electrical resistivity of La$_{2-x}$Sr$_x$CuO$_4$}},
  author={Cooper, RA and Wang, Y and Vignolle, Baptiste and Lipscombe, OJ and Hayden, SM and Tanabe, Yoichi and Adachi, T and Koike, Yoji and Nohara, Minoru and Takagi, H and others},
  journal={Science},
  volume={323},
  number={5914},
  pages={603--607},
  year={2009},
  publisher={American Association for the Advancement of Science}
}

@article{jin2011link,
  title={Link between spin fluctuations and electron pairing in copper oxide superconductors},
  author={Jin, K and Butch, NP and Kirshenbaum, K and Paglione, J and Greene, RL},
  journal={Nature},
  volume={476},
  number={7358},
  pages={73--75},
  year={2011},
  publisher={Nature Publishing Group}
}

@article{chien1991effect,
  title={{Effect of Zn impurities on the normal-state Hall angle in single-crystal YBa$_2$Cu$_{3-x}$Zn$_x$O$_{7-\delta}$}},
  author={Chien, TR and Wang, ZZ and Ong, Nai Phuan},
  journal={Physical Review Letters},
  volume={67},
  number={15},
  pages={2088},
  year={1991},
  publisher={APS}
}

@article{licciardello2019electrical,
  title={Electrical resistivity across a nematic quantum critical point},
  author={Licciardello, S and Buhot, J and Lu, J and Ayres, Jake and Kasahara, S and Matsuda, Y and Shibauchi, T and Hussey, NE},
  journal={Nature},
  volume={567},
  number={7747},
  pages={213--217},
  year={2019},
  publisher={Nature Publishing Group}
}

@article{bruin2013similarity,
  title={{Similarity of scattering rates in metals showing T-linear resistivity}},
  author={Bruin, Jan and Sakai, H and Perry, RS and Mackenzie, AP},
  journal={Science},
  volume={339},
  number={6121},
  pages={804--807},
  year={2013},
  publisher={American Association for the Advancement of Science}
}

@article{lai2022electronic,
  title={{Electronic landscape of the f-electron intermetallics with the ThCr$_2$Si$_2$ structure}},
  author={Lai, You and Chan, Julia Y and Baumbach, Ryan E},
  journal={Science Advances},
  volume={8},
  number={31},
  pages={eabp8264},
  year={2022},
  publisher={American Association for the Advancement of Science}
}

@article{phillips2022stranger,
author = {Philip W. Phillips  and Nigel E. Hussey  and Peter Abbamonte },
title = {Stranger than metals},
journal = {Science},
volume = {377},
number = {6602},
pages = {eabh4273},
year = {2022},
doi = {10.1126/science.abh4273},
URL = {https://www.science.org/doi/abs/10.1126/science.abh4273},
eprint = {https://www.science.org/doi/pdf/10.1126/science.abh4273},
}

@article{zaanen2021lectures,
  title={Lectures on quantum supreme matter},
  author={Zaanen, Jan},
  journal={arXiv preprint arXiv:2110.00961},
  year={2021}
}

@article{zaanen2019planckian,
  title={Planckian dissipation, minimal viscosity and the transport in cuprate strange metals},
  author={Zaanen, Jan},
  journal={SciPost Physics},
  volume={6},
  number={5},
  pages={061},
  year={2019}
}

@article{li2020multiorbital,
author = {Jiemin Li  and Abhishek Nag  and Jonathan Pelliciari  and Hannah Robarts  and Andrew Walters  and Mirian Garcia-Fernandez  and Hiroshi Eisaki  and Dongjoon Song  and Hong Ding  and Steven Johnston  and Riccardo Comin  and Ke-Jin Zhou },
title = {Multiorbital charge-density wave excitations and concomitant phonon anomalies in {Bi$_2$Sr$_2$LaCuO$_{6+\delta}$}},
journal = {Proceedings of the National Academy of Sciences},
volume = {117},
number = {28},
pages = {16219-16225},
year = {2020},
doi = {10.1073/pnas.2001755117},
URL = {https://www.pnas.org/doi/abs/10.1073/pnas.2001755117},
eprint = {https://www.pnas.org/doi/pdf/10.1073/pnas.2001755117},
}

 @article{chaix2017dispersive, 
 title={Dispersive charge density wave excitations in {Bi$_2$Sr$_2$CaCu$_2$O$_{8+\delta}$}}, 
 volume={13},
 DOI={10.1038/nphys4157}, 
 number={10},
 journal={Nature Physics},
 author={Chaix, L. and Ghiringhelli, G. and Peng, Y. Y. and Hashimoto, M. and Moritz, B. and Kummer, K. and Brookes, N. B. and He, Y. and Chen, S. and Ishida, S. and Yoshida, Y. and Eisaki, H. and Salluzzo, M. and Braicovich, L. and Shen, Z.-X. and Devereaux, T. P. and Lee, W.-S.}, 
 year={2017}, 
 month={Jun}, 
 pages={952–956}
 }
 
@article{PhysRevD.105.L021901,
  title = {{Holographic Abrikosov lattice: Vortex matter from black hole}},
  author = {Xia, Chuan-Yin and Zeng, Hua-Bi and Tian, Yu and Chen, Chiang-Mei and Zaanen, Jan},
  journal = {Phys. Rev. D},
  volume = {105},
  issue = {2},
  pages = {L021901},
  numpages = {6},
  year = {2022},
  month = {Jan},
  publisher = {American Physical Society},
  doi = {10.1103/PhysRevD.105.L021901},
  url = {https://link.aps.org/doi/10.1103/PhysRevD.105.L021901}
}

@article{cubrovic2009string,
author = {Mihailo Čubrović and Jan Zaanen and Koenraad Schalm},
title = {{String Theory, Quantum Phase Transitions, and the Emergent Fermi Liquid}},
journal = {Science},
volume = {325},
number = {5939},
pages = {439-444},
year = {2009},
doi = {10.1126/science.1174962},
URL = {https://www.science.org/doi/abs/10.1126/science.1174962},
eprint = {https://www.science.org/doi/pdf/10.1126/science.1174962},
}

@article{comin2016resonant,
  title={Resonant X-ray scattering studies of charge order in cuprates},
  author={Comin, Riccardo and Damascelli, Andrea},
  journal={Annual Review of Condensed Matter Physics},
  volume={7},
  pages={369--405},
  year={2016},
  publisher={Annual Reviews}
}

@article{wang2021charge,
author = {Qisi Wang  and Karin von Arx  and Masafumi Horio  and Deepak John Mukkattukavil  and Julia Küspert  and Yasmine Sassa  and Thorsten Schmitt  and Abhishek Nag  and Sunseng Pyon  and Tomohiro Takayama  and Hidenori Takagi  and Mirian Garcia-Fernandez  and Ke-Jin Zhou  and Johan Chang },
title = {{Charge order lock-in by electron-phonon coupling in La$_{1.675}$Eu$_{0.2}$Sr$_{0.125}$CuO$_4$}},
journal = {Science Advances},
volume = {7},
number = {27},
pages = {eabg7394},
year = {2021},
doi = {10.1126/sciadv.abg7394},
}

@article{choi2022unveiling,
  title = {Unveiling Unequivocal Charge Stripe Order in a Prototypical Cuprate Superconductor},
  author = {Choi, J. and Wang, Q. and J\"ohr, S. and Christensen, N. B. and K\"uspert, J. and Bucher, D. and Biscette, D. and Fischer, M. H. and H\"ucker, M. and Kurosawa, T. and Momono, N. and Oda, M. and Ivashko, O. and Zimmermann, M. v. and Janoschek, M. and Chang, J.},
  journal = {Phys. Rev. Lett.},
  volume = {128},
  issue = {20},
  pages = {207002},
  numpages = {7},
  year = {2022},
  month = {May},
  publisher = {American Physical Society},
  doi = {10.1103/PhysRevLett.128.207002},
  url = {https://link.aps.org/doi/10.1103/PhysRevLett.128.207002}
}

@article{le2014inelastic,
  title={{Inelastic X-ray scattering in YBa$_2$Cu$_3$O$_{6.6}$ reveals giant phonon anomalies and elastic central peak due to charge-density-wave formation}},
  author={Le Tacon, M and Bosak, A and Souliou, SM and Dellea, Greta and Loew, T and Heid, R and Bohnen, KP and Ghiringhelli, G and Krisch, M and Keimer, B},
  journal={Nature Physics},
  volume={10},
  number={1},
  pages={52--58},
  year={2014},
  publisher={Nature Publishing Group UK London}
}

@article{comin2014charge,
  title={{Charge order driven by Fermi-arc instability in Bi$_2$Sr$_{2-x}$La$_x$CuO$_{6+\delta}$}},
  author={Comin, R and Frano, A and Yee, Michael Manchun and Yoshida, Y and Eisaki, H and Schierle, E and Weschke, E and Sutarto, R and He, F and Soumyanarayanan, Anjan and others},
  journal={Science},
  volume={343},
  number={6169},
  pages={390--392},
  year={2014},
  publisher={American Association for the Advancement of Science}
}

@article{jiang2019superconductivity,
author = {Hong-Chen Jiang  and Thomas P. Devereaux },
title = {{Superconductivity in the doped Hubbard model and its interplay with next-nearest hopping $t'$}},
journal = {Science},
volume = {365},
number = {6460},
pages = {1424-1428},
year = {2019},
doi = {10.1126/science.aal5304},
URL = {https://www.science.org/doi/abs/10.1126/science.aal5304},
eprint = {https://www.science.org/doi/pdf/10.1126/science.aal5304},
}

@article{krieger2022charge,
  title = {{Charge and Spin Order Dichotomy in ${\mathrm{NdNiO}}_{2}$ Driven by the Capping Layer}},
  author = {Krieger, G. and Martinelli, L. and Zeng, S. and Chow, L. E. and Kummer, K. and Arpaia, R. and Moretti Sala, M. and Brookes, N. B. and Ariando, A. and Viart, N. and Salluzzo, M. and Ghiringhelli, G. and Preziosi, D.},
  journal = {Phys. Rev. Lett.},
  volume = {129},
  issue = {2},
  pages = {027002},
  numpages = {7},
  year = {2022},
  month = {Jul},
  publisher = {American Physical Society},
  doi = {10.1103/PhysRevLett.129.027002},
  url = {https://link.aps.org/doi/10.1103/PhysRevLett.129.027002}
}


@article{rossi2022broken,
  title={A broken translational symmetry state in an infinite-layer nickelate},
  author={Rossi, Matteo and Osada, Motoki and Choi, Jaewon and Agrestini, Stefano and Jost, Daniel and Lee, Yonghun and Lu, Haiyu and Wang, Bai Yang and Lee, Kyuho and Nag, Abhishek and others},
  journal={Nature Physics},
  volume={18},
  number={8},
  pages={869--873},
  year={2022},
  publisher={Nature Publishing Group}
}

@article{tam2022charge,
  title={{Charge density waves in infinite-layer NdNiO$_2$ nickelates}},
  author={Tam, Charles C and Choi, Jaewon and Ding, Xiang and Agrestini, Stefano and Nag, Abhishek and Wu, Mei and Huang, Bing and Luo, Huiqian and Gao, Peng and Garc{\'\i}a-Fern{\'a}ndez, Mirian and others},
  journal={Nature Materials},
  volume={21},
  number={10},
  pages={1116--1120},
  year={2022},
  publisher={Nature Publishing Group}
}

@article{zhang2017beyond,
  title={{Beyond a gaussian denoiser: Residual learning of deep CNN for image denoising}},
  author={Zhang, Kai and Zuo, Wangmeng and Chen, Yunjin and Meng, Deyu and Zhang, Lei},
  journal={IEEE transactions on image processing},
  volume={26},
  number={7},
  pages={3142--3155},
  year={2017},
  publisher={IEEE}
}

@article{tian2020deep,
  title={Deep learning on image denoising: An overview},
  author={Tian, Chunwei and Fei, Lunke and Zheng, Wenxian and Xu, Yong and Zuo, Wangmeng and Lin, Chia-Wen},
  journal={Neural Networks},
  volume={131},
  pages={251--275},
  year={2020},
  publisher={Elsevier}
}

@article{valensise2020removing,
  title={{Removing non-resonant background from CARS spectra via deep learning}},
  author={Valensise, Carlo M and Giuseppi, Alessandro and Vernuccio, Federico and De la Cadena, Alejandro and Cerullo, Giulio and Polli, Dario},
  journal={APL Photonics},
  volume={5},
  number={6},
  pages={061305},
  year={2020},
  publisher={AIP Publishing LLC}
}

@article{borodinov2019deep,
  title={{Deep neural networks for understanding noisy data applied to physical property extraction in scanning probe microscopy}},
  author={Borodinov, Nikolay and Neumayer, Sabine and Kalinin, Sergei V and Ovchinnikova, Olga S and Vasudevan, Rama K and Jesse, Stephen},
  journal={npj Computational Materials},
  volume={5},
  number={1},
  pages={1--8},
  year={2019},
  publisher={Nature Publishing Group}
}

@article{oppliger2022weak,
  title={Weak-signal extraction enabled by deep-neural-network denoising of diffraction data},
  author={Oppliger, Jens and Denner, Michael M and K{\"u}spert, Julia and Frison, Ruggero and Wang, Qisi and Morawietz, Alexander and Ivashko, Oleh and Dippel, Ann-Christin and von Zimmermann, Martin and Christensen, Niels B and others},
  journal={arXiv preprint arXiv:2209.09247},
  year={2022}
}

@article{lin2021visualization,
  title = {Visualization of the Strain-Induced Topological Phase Transition in a Quasi-One-Dimensional Superconductor {{TaSe3}}},
  author = {Lin, Chun and Ochi, Masayuki and Noguchi, Ryo and Kuroda, Kenta and Sakoda, Masahito and Nomura, Atsushi and Tsubota, Masakatsu and Zhang, Peng and Bareille, Cedric and Kurokawa, Kifu and Arai, Yosuke and Kawaguchi, Kaishu and Tanaka, Hiroaki and Yaji, Koichiro and Harasawa, Ayumi and Hashimoto, Makoto and Lu, Donghui and Shin, Shik and Arita, Ryotaro and Tanda, Satoshi and Kondo, Takeshi},
  year = {2021},
  month = aug,
  journal = {Nature Materials},
  volume = {20},
  number = {8},
  pages = {1093--1099},
  publisher = {{Nature Publishing Group}},
  issn = {1476-4660},
  doi = {10.1038/s41563-021-01004-4},
  url = {https://www.nature.com/articles/s41563-021-01004-4},
  copyright = {2021 The Author(s), under exclusive licence to Springer Nature Limited},
}

@article{ran2019nearly,
author = {Sheng Ran  and Chris Eckberg  and Qing-Ping Ding  and Yuji Furukawa  and Tristin Metz  and Shanta R. Saha  and I-Lin Liu  and Mark Zic  and Hyunsoo Kim  and Johnpierre Paglione  and Nicholas P. Butch },
title = {Nearly ferromagnetic spin-triplet superconductivity},
journal = {Science},
volume = {365},
number = {6454},
pages = {684-687},
year = {2019},
doi = {10.1126/science.aav8645},
URL = {https://www.science.org/doi/abs/10.1126/science.aav8645},
eprint = {https://www.science.org/doi/pdf/10.1126/science.aav8645},
}

@misc{gaoMagneticExcitationsStrained2022,
  title = {Magnetic {{Excitations}} in {{Strained Infinite-layer Nickelate PrNiO2}}},
  author = {Gao, Qiang and Fan, Shiyu and Wang, Qisi and Li, Jiarui and Ren, Xiaolin and Bia{\l}o, Izabela and Drewanowski, Annabella and Rothenb{\"u}hler, Pascal and Choi, Jaewon and Wang, Yao and Xiang, Tao and Hu, Jiangping and Zhou, Ke-Jin and Bisogni, Valentina and Comin, Riccardo and Chang, J. and Pelliciari, Jonathan and Zhou, X. J. and Zhu, Zhihai},
  year = {2022},
  month = aug,
  number = {arXiv:2208.05614},
  eprint = {2208.05614},
  eprinttype = {arxiv},
  primaryclass = {cond-mat},
  publisher = {{arXiv}},
  doi = {10.48550/arXiv.2208.05614},
  url = {http://arxiv.org/abs/2208.05614},
  archiveprefix = {arXiv},
  keywords = {Condensed Matter - Strongly Correlated Electrons,Condensed Matter - Superconductivity},
}

@article{polshyn2019large,
  title={Large linear-in-temperature resistivity in twisted bilayer graphene},
  author={Polshyn, Hryhoriy and Yankowitz, Matthew and Chen, Shaowen and Zhang, Yuxuan and Watanabe, K and Taniguchi, T and Dean, Cory R and Young, Andrea F},
  journal={Nature Physics},
  volume={15},
  number={10},
  pages={1011--1016},
  year={2019},
  publisher={Nature Publishing Group}
}

@article{arpaia2019dynamical,
author = {R. Arpaia  and S. Caprara  and R. Fumagalli  and G. De Vecchi  and Y. Y. Peng  and E. Andersson  and D. Betto  and G. M. De Luca  and N. B. Brookes  and F. Lombardi  and M. Salluzzo  and L. Braicovich  and C. Di Castro  and M. Grilli  and G. Ghiringhelli },
title = {{Dynamical charge density fluctuations pervading the phase diagram of a Cu-based high-T$_c$ superconductor}},
journal = {Science},
volume = {365},
number = {6456},
pages = {906-910},
year = {2019},
doi = {10.1126/science.aav1315},
URL = {https://www.science.org/doi/abs/10.1126/science.aav1315},
eprint = {https://www.science.org/doi/pdf/10.1126/science.aav1315},
}

@article{pint2004oxygen,
  title = {Oxygen phonon branches in ${\mathrm{YBa}}_{2}{\mathrm{Cu}}_{3}{\mathrm{O}}_{7}$},
  author = {Pintschovius, L. and Reznik, D. and Reichardt, W. and Endoh, Y. and Hiraka, H. and Tranquada, J. M. and Uchiyama, H. and Masui, T. and Tajima, S.},
  journal = {Phys. Rev. B},
  volume = {69},
  issue = {21},
  pages = {214506},
  numpages = {11},
  year = {2004},
  month = {Jun},
  publisher = {American Physical Society},
  doi = {10.1103/PhysRevB.69.214506},
  url = {https://link.aps.org/doi/10.1103/PhysRevB.69.214506}
}

@article{dashwood2021probing,
  title = {Probing Electron-Phonon Interactions Away from the Fermi Level with Resonant Inelastic X-Ray Scattering},
  author = {Dashwood, C. D. and Geondzhian, A. and Vale, J. G. and Pakpour-Tabrizi, A. C. and Howard, C. A. and Faure, Q. and Veiga, L. S. I. and Meyers, D. and Chiuzb\ifmmode \u{a}\else \u{a}\fi{}ian, S. G. and Nicolaou, A. and Jaouen, N. and Jackman, R. B. and Nag, A. and Garc\'{\i}a-Fern\'andez, M. and Zhou, Ke-Jin and Walters, A. C. and Gilmore, K. and McMorrow, D. F. and Dean, M. P. M.},
  journal = {Phys. Rev. X},
  volume = {11},
  issue = {4},
  pages = {041052},
  numpages = {10},
  year = {2021},
  month = {Dec},
  publisher = {American Physical Society},
  doi = {10.1103/PhysRevX.11.041052},
  url = {https://link.aps.org/doi/10.1103/PhysRevX.11.041052}
}

@article{albertin2020surface,
  title={Surface optical reflectance combined with x-ray techniques during gas-surface interactions},
  author={Albertin, Stefano and Gustafson, J and Zhou, J and Pfaff, S and Shipilin, Mikhail and Blomberg, S and Merte, Lindsay R and Gutowski, O and Dippel, AC and Zetterberg, J and others},
  journal={Journal of Physics D: Applied Physics},
  volume={53},
  number={22},
  pages={224001},
  year={2020},
  publisher={IOP Publishing}
}

@article{been2021electronic,
  title = {Electronic Structure Trends Across the Rare-Earth Series in Superconducting Infinite-Layer Nickelates},
  author = {Been, Emily and Lee, Wei-Sheng and Hwang, Harold Y. and Cui, Yi and Zaanen, Jan and Devereaux, Thomas and Moritz, Brian and Jia, Chunjing},
  journal = {Phys. Rev. X},
  volume = {11},
  issue = {1},
  pages = {011050},
  numpages = {17},
  year = {2021},
  month = {Mar},
  publisher = {American Physical Society},
  doi = {10.1103/PhysRevX.11.011050},
  url = {https://link.aps.org/doi/10.1103/PhysRevX.11.011050}
}

@article{hepting2020electronic,
title={Electronic structure of the parent compound of superconducting infinite-layer nickelates}, 
volume={19}, 
DOI={10.1038/s41563-019-0585-z}, 
number={4}, 
journal={Nature Materials}, 
author={Hepting, M. and Li, D. and Jia, C. J. and Lu, H. and Paris, E. and Tseng, Y. and Feng, X. and Osada, M. and Been, E. and Hikita, Y. and Chuang, Y.-D. and Hussain, Z. and Zhou, K. J. and Nag, A. and Garcia-Fernandez, M. and Rossi, M. and Huang, H. Y. and Huang, D. J. and Shen, Z. X. and Schmitt, T.}, 
year={2020}, 
month={Jan}, 
pages={381–385},
}

@INPROCEEDINGS{irunet,
  author={Gil Zuluaga, Fabio Hernan and Bardozzo, Francesco and Rios Patino, Jorge Ivan and Tagliaferri, Roberto},
  booktitle={2021 43rd Annual International Conference of the IEEE Engineering in Medicine \& Biology Society (EMBC)}, 
  title={Blind microscopy image denoising with a deep residual and multiscale encoder/decoder network}, 
  year={2021},
  volume={},
  number={},
  pages={3483-3486},
  doi={10.1109/EMBC46164.2021.9630502}}
  
@article{braicovich2020determining,
  title = {{Determining the electron-phonon coupling in superconducting cuprates by resonant inelastic x-ray scattering: Methods and results on ${\mathrm{Nd}}_{1+x}{\mathrm{Ba}}_{2\ensuremath{-}x}{\mathrm{Cu}}_{3}{\mathrm{O}}_{7\ensuremath{-}\ensuremath{\delta}}$}},
  author = {Braicovich, Lucio and Rossi, Matteo and Fumagalli, Roberto and Peng, Yingying and Wang, Yan and Arpaia, Riccardo and Betto, Davide and De Luca, Gabriella M. and Di Castro, Daniele and Kummer, Kurt and Moretti Sala, Marco and Pagetti, Mattia and Balestrino, Giuseppe and Brookes, Nicholas B. and Salluzzo, Marco and Johnston, Steven and van den Brink, Jeroen and Ghiringhelli, Giacomo},
  journal = {Phys. Rev. Res.},
  volume = {2},
  issue = {2},
  pages = {023231},
  numpages = {19},
  year = {2020},
  month = {May},
  publisher = {American Physical Society},
  doi = {10.1103/PhysRevResearch.2.023231},
  url = {https://link.aps.org/doi/10.1103/PhysRevResearch.2.023231}
}

@article{reznik2003oxygen,
  title={Oxygen phonon branches in detwinned YBa 2 Cu 3 O 7},
  author={Reznik, D and Pintschovius, L and Reichardt, W and Endoh, Y and Hiraka, H and Tranquada, JM and Tajima, S and Uchiyama, H and Masui, T},
  journal={Journal of low temperature physics},
  volume={131},
  pages={417--421},
  year={2003},
  publisher={Springer}
}

@inproceedings{batson2019noise2self,
  title={Noise2self: Blind denoising by self-supervision},
  author={Batson, Joshua and Royer, Loic},
  booktitle={International Conference on Machine Learning},
  pages={524--533},
  year={2019},
  organization={PMLR}
}

@article{xu2020noisy,
  author={Xu, Jun and Huang, Yuan and Cheng, Ming-Ming and Liu, Li and Zhu, Fan and Xu, Zhou and Shao, Ling},
  journal={IEEE Transactions on Image Processing}, 
  title={Noisy-as-Clean: Learning Self-Supervised Denoising From Corrupted Image}, 
  year={2020},
  volume={29},
  number={},
  pages={9316-9329},
  doi={10.1109/TIP.2020.3026622}}
  
@article{lehtinen2018noise2noise,
  title={Noise2Noise: Learning image restoration without clean data},
  author={Lehtinen, Jaakko and Munkberg, Jacob and Hasselgren, Jon and Laine, Samuli and Karras, Tero and Aittala, Miika and Aila, Timo},
  journal={arXiv preprint arXiv:1803.04189},
  year={2018}
}

@article{zhang2018FFDNet,
  author={Zhang, Kai and Zuo, Wangmeng and Zhang, Lei},
  journal={IEEE Transactions on Image Processing}, 
  title={FFDNet: Toward a Fast and Flexible Solution for CNN-Based Image Denoising}, 
  year={2018},
  volume={27},
  number={9},
  pages={4608-4622},
  doi={10.1109/TIP.2018.2839891}}
  
@InProceedings{Krull2019CVPR,
author = {Krull, Alexander and Buchholz, Tim-Oliver and Jug, Florian},
title = {Noise2Void - Learning Denoising From Single Noisy Images},
booktitle = {Proceedings of the IEEE/CVF Conference on Computer Vision and Pattern Recognition (CVPR)},
month = {June},
year = {2019}
}

@article{wang2022uniaxial, 
title={Uniaxial pressure induced stripe order rotation in La1.88Sr0.12CuO4}, 
volume={13}, 
DOI={10.1038/s41467-022-29465-4}, 
number={1}, journal={Nature Communications}, author={Wang, Qisi and von Arx, K. and Mazzone, D. G. and Mustafi, S. and Horio, M. and Küspert, J. and Choi, J. and Bucher, D. and Wo, H. and Zhao, J. and Zhang, W. and Asmara, T. C. and Sassa, Y. and Månsson, M. and Christensen, N. B. and Janoschek, M. and Kurosawa, T. and Momono, N. and Oda, M. and Fischer, M. H.}, 
year={2022}, 
month={Apr},
}

@article{wahlberg2021restored,
author = {Eric Wahlberg  and Riccardo Arpaia  and Götz Seibold  and Matteo Rossi  and Roberto Fumagalli  and Edoardo Trabaldo  and Nicholas B. Brookes  and Lucio Braicovich  and Sergio Caprara  and Ulf Gran  and Giacomo Ghiringhelli  and Thilo Bauch  and Floriana Lombardi },
title = {{Restored strange metal phase through suppression of charge density waves in underdoped YBa$_2$Cu$_3$O$_{7-\delta}$}},
journal = {Science},
volume = {373},
number = {6562},
pages = {1506-1510},
year = {2021},
doi = {10.1126/science.abc8372},
URL = {https://www.science.org/doi/abs/10.1126/science.abc8372},
eprint = {https://www.science.org/doi/pdf/10.1126/science.abc8372},
}

@article{benckiser2022neighbours, title={Neighbours in charge}, volume={21}, DOI={10.1038/s41563-022-01366-3}, number={10}, journal={Nature Materials}, author={Benckiser, Eva and Hepting, Matthias and Keimer, Bernhard}, year={2022}, month={Sep}, pages={1102–1103} }
 
@article{arpaia2022signature, 
title={Signature of quantum criticality in cuprates by charge density fluctuations}, 
url={https://arxiv.org/abs/2208.13918},
journal={arXiv.org}, 
author={Arpaia, R. and Martinelli, L. and Sala, M. Moretti and Caprara, S. and Nag, A. and Brookes, N. B. and Camisa, P. and Li, Q. and Gao, Q. and Zhou, X. and Garcia-Fernandez, M. and Zhou, K. -J. and Schierle, E. and Bauch, T. and Peng, Y. Y. and Castro, C. Di and Grilli, M. and Lombardi, F. and Braicovich, L. and Ghiringhelli, G.}, 
year={2022}, 
month={Aug}}

@article{li2019superconductivity,
  title={Superconductivity in an infinite-layer nickelate},
  author={Li, Danfeng and Lee, Kyuho and Wang, Bai Yang and Osada, Motoki and Crossley, Samuel and Lee, Hye Ryoung and Cui, Yi and Hikita, Yasuyuki and Hwang, Harold Y},
  journal={Nature},
  volume={572},
  number={7771},
  pages={624--627},
  year={2019},
  publisher={Nature Publishing Group}
}

@article{martinelli2022fractional,
  title={{Fractional Spin Excitations in the Infinite-Layer Cuprate CaCuO$_2$}},
  author={Martinelli, Leonardo and Betto, Davide and Kummer, Kurt and Arpaia, Riccardo and Braicovich, Lucio and Di Castro, Daniele and Brookes, Nicholas B and Sala, Marco Moretti and Ghiringhelli, Giacomo},
  journal={Physical Review X},
  volume={12},
  number={2},
  pages={021041},
  year={2022},
  publisher={APS}
}
